@misc{wu2016tensorpack,
  title        = {Tensorpack},
  author       = {Wu, Yuxin and others},
  howpublished = {\url{https://github.com/tensorpack/}},
  year         = {2016}
}

@misc{cai2017cascade,
  title         = {Cascade R-CNN: Delving into High Quality Object Detection},
  author        = {Zhaowei Cai and Nuno Vasconcelos},
  year          = {2017},
  eprint        = {1712.00726},
  archiveprefix = {arXiv},
  primaryclass  = {cs.CV}
}

@misc{he2018mask,
  title         = {Mask R-CNN},
  author        = {Kaiming He and Georgia Gkioxari and Piotr Dollár and Ross Girshick},
  year          = {2018},
  eprint        = {1703.06870},
  archiveprefix = {arXiv},
  primaryclass  = {cs.CV}
}

@misc{ren2016faster,
  title         = {Faster R-CNN: Towards Real-Time Object Detection with Region Proposal Networks},
  author        = {Shaoqing Ren and Kaiming He and Ross Girshick and Jian Sun},
  year          = {2016},
  eprint        = {1506.01497},
  archiveprefix = {arXiv},
  primaryclass  = {cs.CV}
}

@inproceedings{8756760,
  author    = {Bizjak, Matic and Peer, Peter and Emeršič, Ziga},
  booktitle = {2019 42nd International Convention on Information and Communication Technology, Electronics and Microelectronics (MIPRO)},
  title     = {Mask R-CNN for Ear Detection},
  year      = {2019},
  volume    = {},
  number    = {},
  pages     = {1624-1628},
  doi       = {10.23919/MIPRO.2019.8756760}
}